@misc{ArmArm,
  author = {{ARM Ltd.}},
  title = {{ARM Architecture Reference Manual ARMv7-A DDI0406C.b}},
  year = {2012},
  month = jul,
}

@misc{ArmArmV8_trap,
  author = {{ARM Ltd.}},
  title = {{ARM Architecture Reference Manual ARMv8-A DDI0487A.a, D1-1558}},
  year = {2013},
  month = sep,
}

@misc{ArmArmV8-exception,
  author = {{ARM Ltd.}},
  title = {{ARM Architecture Reference Manual ARMv8-A DDI0487A.a, aarch64/exceptions/takeexception/AArch64.TakeException}},
  year = {2013},
  month = sep,
}

@misc{ArmArmV8,
  author = {{ARM Ltd.}},
  title = {{ARM Architecture Reference Manual ARMv8-A DDI0487A.a}},
  year = {2013},
  month = sep,
}

@misc{a15trm,
  author = {{ARM Ltd.}},
  title = {{ARM Cortex-A15 Technical Reference Manual ARM DDI 0438C}},
  year = {2011},
  month = sep,
}

@misc{gic2,
  author = {{ARM Ltd.}},
  title = {{ARM Generic Interrupt Controller Architecture version 2.0 ARM IHI 0048B}},
  year = {2011},
  month = jun,
}

@misc{intelx86,
  author = {{Intel Corporation}},
  title = {{Intel 64 and IA-32 Architectures Software Developerâ€™s Manual, 325462-044US}},
  year = {2012},
  month = aug,
}

@inproceedings{qemu,
 author = {Bellard, Fabrice},
 title = {QEMU, a fast and portable dynamic translator},
 booktitle = {Proceedings of the annual conference on USENIX Annual Technical Conference},
 series = {ATEC '05},
 year = {2005},
} 

@misc{cloudlab,
  title = {{CloudLab}},
  note = {\url{http://www.cloudlab.us}}
}

@misc{svmcs,
  title = {{Shadow VMCS}},
  note = {\url{http://www.intel.com/content/www/us/en/it-management/intel-it-best-practices/intel-vmcs-shadowing-paper.html}}
}

@misc{unit-test,
  title = {{KVM Unit Tests}},
  note = {\url{http://www.linux-kvm.org/page/KVM-unit-tests}}
}

@misc{hackbench,
  title = {Hackbench},
  note = {\url{http://people.redhat.com/mingo/cfs-scheduler/tools/hackbench.c}},
  year = 2008,
  month = jan,
}

@misc{netperf,
  title = {Netperf},
  author = {{rick jones}},
  title = {\url{http://www.netperf.org/netperf/}},
}

@misc{gcc,
  author = {{GCC, the GNU Compiler Collection}},
  title = {\url{https://gcc.gnu.org/gcc-4.4/}},
  year = 2009,
  month = apr,
}

@misc{specjvm,
  title = {SPECjvm2008},
  note = {\url{https://www.spec.org/jvm2008}},
}

@misc{ab,
  author = {{ab, The Apache Software Foundation}},
  title = {\url{http://httpd.apache.org/docs/2.4/programs/ab.html}},
  year = 2015,
  month = apr,
}

@misc{kernbench,
  author = {{Con Kolivas}},
  title = {\url{http://ck.kolivas.org/apps/kernbench/kernbench-0.50/kernbench}},
  year = 2012,
  month = aug,
}

@misc{memtier,
        author = {{Redis Labs}},
        title = {\url{https://github.com/RedisLabs/memtier_benchmark}},
        year = 2015,
        month = apr,
}

@misc{xenarm,
  author = {{Xen ARM with Virtualization Extensions}},
  title = {\url{http://wiki.xenproject.org/wiki/Xen_ARM_with_Virtualization_Extensions}},
  year = {2015},
  month = apr,
}

@inproceedings{Turtles,
 author = {Ben-Yehuda, Muli and Day, Michael D. and Dubitzky, Zvi and Factor, Michael and Har'El, Nadav and Gordon, Abel and Liguori, Anthony and Wasserman, Orit and Yassour, Ben-Ami},
 title = {The Turtles Project: Design and Implementation of Nested Virtualization},
 booktitle = {Proceedings of the 9th USENIX Conference on Operating Systems Design and Implementation},
 series = {OSDI'10},
 year = {2010},
 location = {Vancouver, BC, Canada},
 pages = {1--6},
 numpages = {6},
 url = {http://dl.acm.org/citation.cfm?id=1924943.1924973},
 acmid = {1924973},
 publisher = {USENIX Association},
 address = {Berkeley, CA, USA},
} 

@inproceedings{Cloudvisor,
 author = {Zhang, Fengzhe and Chen, Jin and Chen, Haibo and Zang, Binyu},
 title = {CloudVisor: Retrofitting Protection of Virtual Machines in Multi-tenant Cloud with Nested Virtualization},
 booktitle = {Proceedings of the Twenty-Third ACM Symposium on Operating Systems Principles},
 series = {SOSP '11},
 year = {2011},
 isbn = {978-1-4503-0977-6},
 location = {Cascais, Portugal},
 pages = {203--216},
 numpages = {14},
 url = {http://doi.acm.org/10.1145/2043556.2043576},
 doi = {10.1145/2043556.2043576},
 acmid = {2043576},
 publisher = {ACM},
 address = {New York, NY, USA},
 keywords = {multi-tenant cloud, nested virtualization, virtual machine security},
} 

@inproceedings{Xenblanket,
 author = {Williams, Dan and Jamjoom, Hani and Weatherspoon, Hakim},
 title = {The Xen-Blanket: Virtualize Once, Run Everywhere},
 booktitle = {Proceedings of the 7th ACM European Conference on Computer Systems},
 series = {EuroSys '12},
 year = {2012},
 isbn = {978-1-4503-1223-3},
 location = {Bern, Switzerland},
 pages = {113--126},
 numpages = {14},
 url = {http://doi.acm.org/10.1145/2168836.2168849},
 doi = {10.1145/2168836.2168849},
 acmid = {2168849},
 publisher = {ACM},
 address = {New York, NY, USA},
 keywords = {cloud computing, nested virtualization, xen},
}

@misc{shadow-vmcs,
 author = {{Intel Corporation}},
 title = {4th {G}en {I}ntel {C}ore v{P}ro {P}rocessors with {I}ntel {VMCS} {S}hadowing},
 note = {\url{http://www.intel.com/content/www/us/en/it-management/intel-it-best-practices/intel-vmcs-shadowing-paper.html}},
 year = {2013},
}

@article{popekGoldberg,
 author = {Popek, Gerald J. and Goldberg, Robert P.},
 title = {{Formal Requirements for Virtualizable Third Generation Architectures}},
 year = {1974},
 month = jul,
 journal = {Communications of the ACM},
 volume = 17,
 issue = 7,
 pages = {412--421},
}

@inproceedings{adams,
 author = {Adams, Keith and Agesen, Ole},
 title = {A Comparison of Software and Hardware Techniques for x86 Virtualization},
 booktitle = {Proceedings of the 12th International Conference on Architectural Support for Programming Languages and Operating Systems},
 series = {ASPLOS XII},
 year = {2006},
 isbn = {1-59593-451-0},
 location = {San Jose, California, USA},
 pages = {2--13},
 numpages = {12},
 url = {http://doi.acm.org/10.1145/1168857.1168860},
 doi = {10.1145/1168857.1168860},
 acmid = {1168860},
 publisher = {ACM},
 address = {New York, NY, USA},
 keywords = {MMU, SVM, TLB, VT, dynamic binary translation, nested paging, virtual machine monitor, virtualization, x86},
}

@inproceedings{xenart,
 author = {Barham, Paul and Dragovic, Boris and Fraser, Keir and Hand, Steven and Harris, Tim and Ho, Alex and Neugebauer, Rolf and Pratt, Ian and Warfield, Andrew},
 title = {Xen and the Art of Virtualization},
 year = {2003},
 month = oct,
 pages = {164--177},
 booktitle = {Proceedings of the 19th Symposium on Operating Systems Principles},
}

@inproceedings{heiserApsys,
  author = {Prashant Varanasi and Gernot Heiser},
  title = {Hardware-Supported Virtualization on {ARM}},
  year = {2011},
  month = jul,
  pages = {11:1--11:5},
  booktitle = {Proceedings of the 2nd Asia-Pacific Workshop on Systems},
}

@misc{okl4,
 author = {{General Dynamics}},
 title = {{OKL}4 {M}icrovisor},
 note = {\url{http://www.ok-labs.com/products/okl4-microvisor}},
 year = {2013},
 month = feb,
}

@misc{greenhills,
 author = {{Green Hills Software}},
 title = {INTEGRITY Secure Virtualization},
 note = {\url{http://www.ghs.com/products/rtos/integrity_virtualization.html}},
 year = {2014},
 month = jan,
}

@misc{redbend,
 author = {{Red Bend Software}},
 title = {{vLogix Mobile}},
 note = {\url{http://www.redbend.com/en/mobile-virtualization}},
 year = {2013},
 month = feb,
}

@inproceedings{armvisor,
  author = {Jiun-Hung Ding and Chang-Jung Lin and Ping-Hao Chang and Chieh-Hao Tsang and Wei-Chung Hsu and Yeh-Ching Chung},
  title = {{ARMvisor}: System Virtualization for {ARM}},
  year = {2012},
  month = jul,
  pages = {93--107},
  booktitle = {{Proceedings of the Ottawa Linux Symposium}},
}

@article{mvp,
 author = {Barr, Ken and Bungale, Prashanth and Deasy, Stephen and Gyuris, Viktor and Hung, Perry and Newell, Craig and Tuch, Harvey and Zoppis, Bruno},
 title = {The {VMware} Mobile Virtualization Platform: Is that a hypervisor in your pocket?},
 year = {2010},
 month = dec,
 pages = {124--135},
 volume = {44},
 number = {4},
 journal = {SIGOPS Operating Systems Review},
} 

@inproceedings{XenArmOld,
 author = {J.Y Hwang and S.B Suh and S.K Heo and C.J Park and J.M Ryu and S.Y Park and C.R Kim},
 title = {Xen on {ARM}: System Virtualization using {X}en Hypervisor for {ARM}-based Secure Mobile Phones},
 year = {2008},
 month = jan,
 booktitle = {Proceedings of the 5th Consumer Communications and Newtork Conference},
 pages = {257--261}
}

@inproceedings{KvmArmOls,
 author = {Dall, Christoffer and Nieh, Jason},
 title = {{KVM} for {ARM}},
 year = {2010},
 month = jul,
 booktitle = {{Proceedings of the Ottawa Linux Symposium}},
 pages = {45--56},
}

@inproceedings{kvmarm,
 author = {Dall, Christoffer and Nieh, Jason},
 title = {{KVM/ARM}: The Design and Implementation of the {L}inux {ARM} Hypervisor},
 booktitle = {Proceedings of the 19th International Conference on Architectural Support for Programming Languages and Operating Systems},
 month = mar,
 year = {2014},
 pages = {333--348},
}

@inproceedings{isca16,
 author = {Dall, Christoffer and Li, Shih-Wei and Lim, Jin Tak and Nieh, Jason and Koloventzos, Georgios},
 title = {{ARM} Virtualization: Performance and Architectural Implications},
 booktitle = {Proceedings of the 43rd International Symposium on Computer Architecture},
 month = june,
 year = {2016},
}

@inproceedings{xenx86,
 author = {He, Qing},
 title = {{N}ested {V}irtualization on {X}en},
 booktitle = {Xen Summit Asia},
 year = {2009},
}

@misc{gnuplot-so,
 author = {{Intel Corporation}},
 title = {4th {G}en {I}ntel {C}ore v{P}ro {P}rocessors with {I}ntel {VMCS} {S}hadowing},
 note = {\url{http://www.intel.com/content/www/us/en/it-management/intel-it-best-practices/intel-vmcs-shadowing-paper.html}},
 year = {2013},
}

